
@inproceedings{Byrd:2012:MLU:2661103.2661105,
  author =	 {W.~E.~Byrd and E.~Holk and D.~P.~Friedman},
  title =	 {miniKanren, Live and Untagged: Quine Generation via
                  Relational Interpreters (Programming Pearl)},
  booktitle =	 {Proceedings of the 2012 Annual Workshop on Scheme
                  and Functional Programming},
  series =	 {Scheme '12},
  year =	 {2012},
  isbn =	 {978-1-4503-1895-2},
  location =	 {Copenhagen, Denmark},
  pages =	 {8--29},
  numpages =	 {22},
  url =		 {http://doi.acm.org/10.1145/2661103.2661105},
  doi =		 {10.1145/2661103.2661105},
  acmid =	 {2661105},
  publisher =	 {ACM},
  address =	 {New York, NY, USA},
  keywords =	 {interpreters, logic programming, miniKanren, quines,
                  relational programming, scheme, tagging},
}

@article{PAULSON1983119,
  title =	 "A higher-order implementation of rewriting",
  journal =	 "Science of Computer Programming",
  volume =	 3,
  number =	 2,
  pages =	 "119 - 149",
  year =	 1983,
  issn =	 "0167-6423",
  doi =		 "https://doi.org/10.1016/0167-6423(83)90008-4",
  url =      "http://www.sciencedirect.com/science/article/pii/0167642383900084",
  author =	 "P.~Lawrence"
}

@book{Friedman:Reasoned:Schemer,
author = {D. Friedman and W. E. Byrd and O. Kiselyov},
title = {The Reasoned Schemer, Second Edition},
year = {2018},
publisher = {MIT Press}
}

@article{Byrd:PhD,
  title =	 "Relational Programming in miniKanren: Techniques, Applications, and Implementations",
  author =	 "W. E. Byrd",
  publisher = {Indiana University, Bloomington, IN},
  year =	 2009,
  note = "PhD dissertation"
}

@article{Hemann:muKanren,
  title =	 "$\mu$Kanren: a Minimal Functional Core for Relational Programming",
  author =	 "J. Hemann and D. P. Friedman",
  year =	 2013,
  note = "Scheme2013, Alexandria"
}

@book{beck:TDD,
author = {K. Beck},
title = {Test-Driven Development: By Example},
year = {2002},
publisher = {Pearson Education}
}

@misc{Maggesi:Nocentini:kanrenlight,
  title =	 "Kanren Light",
  author =	 "M. Maggesi and M. Nocentini",
  year =	 2018,
  url = "https://github.com/massimo-nocentini/kanren-light"
}

@misc{Nocentini:kanrens,
  title =	 "$\mu$Kanren implementations",
  author =	 "M. Nocentini",
  year =	 2018,
  note = "In the following repositories, indexed by programming languages:
  \begin{description}
  \item[Python] \url{https://github.com/massimo-nocentini/microkanrenpy}
  \item[Scheme] \url{https://github.com/massimo-nocentini/on-scheme/blob/master/src/microkanren.scm}
  \item[Smalltalk] \url{https://github.com/massimo-nocentini/microkanrenst}
  \item[OCaml] \url{https://github.com/massimo-nocentini/kanren-light}
  \end{description} respectively"
}
