
@book{RuskeyCombGen,
  title =	 "Combinatorial Generation",
  year =	 2003,
  url =      "http://www.1stworks.com/ref/RuskeyCombGen.pdf",
  author =	 "Frank Ruskey"
}
@book{Warren:2012:HD:2462741,
    author = {Warren, Henry S.},
    title = {Hacker's Delight},
    year = {2012},
    isbn = {0321842685, 9780321842688},
    edition = {2nd},
    publisher = {Addison-Wesley Professional},
} 
@article{BELL20091,
title = "A survey of known results and research areas for n-queens",
journal = "Discrete Mathematics",
volume = "309",
number = "1",
pages = "1 - 31",
year = "2009",
issn = "0012-365X",
doi = "https://doi.org/10.1016/j.disc.2007.12.043",
url = "http://www.sciencedirect.com/science/article/pii/S0012365X07010394",
author = "Jordan Bell and Brett Stevens",
}

